@inproceedings{Lazaridou:2017multi,
  title={Multi-agent cooperation and the emergence of (natural) language},
  author={Lazaridou, Angeliki and Peysakhovich, Alexander and Baroni, Marco},
  booktitle={Proceedings of ICLR},
  year={2017}
}

@inproceedings{Jorge:2016learning,
  title={Learning to Play Guess Who? and Inventing a Grounded Language as a Consequence},
  author={Jorge, Emilio and K{\aa}geb{\"a}ck, Mikael and Gustavsson, Emil},
  booktitle={Deep Reinforcement Learning Workshop at NIPS},
  year={2016}
}